@string{ICGA = "International Conference on Genetic Algorithms"}
@string{ROCKY-AI ="Proceedings of the Rocky Mountain Conference on Artificial
Intelligence"}
@string{pub:aw = "Addison-Wesley"}
@string{pub:ap = "Academic Press"}
@string{pub:kluwer = "Kluwer Academic Publishers"}
@string{pub:lea = "Lawrence Erlbaum Associates"}
@string{pub:mit = "The MIT Press"}
@string{pub:mk = "Morgan Kaufmann"}
@string{pub:digital = "Digital Press"}
@string{pub:vnr = "Van Nostrand Reinhold"}
@string{pub:esp = "Elsevier Science Publishers"}

@book{cl:steele2,
	author = {Guy L.~{Steele,~Jr.}},
	title = {Common Lisp, The Language},
	edition = {Second},
	publisher = pub:digital,
	year = {1990}
}

@book{cl:keene,
	author = {Sonya E.~Keene},
	title = {Object-Oriented Programming in {Common} {Lisp:} A Programmer's Guide to {CLOS}},
	publisher = pub:aw,
	year = 1989
}

@TECHREPORT{ep:ds+go=ep,
   author = {Z.~Michalewicz and C.~Janikow},
   title = {Data Structures $+$ Genetic Operators $=$ Evolution Programs},
   institution = {UNCC},
   type = {Technical Report},
   year = 1991
}

@INPROCEEDINGS{es:survey,
   author = {Thomas B\"ack and Frank Hoffmeister and Hans-Paul Schwefel},
   title = {A survey of Evolution Strategies},
   editor = {Richard K.~Belew and Lashon B.~Booker},
   booktitle = {Proceedings of the Fourth } # ICGA # {},
   pages = {2--9},
   year = {1991},
   publisher = pub:mk
}

@book{ga:ackley87,
	author = {D.~A.~Ackley},
	title = {A {C}onnectionist {M}achine for {G}enetic {H}illclimbing},
	year = 1987,
	publisher = pub:kluwer
}

@INPROCEEDINGS{ga:baker-rank-selection,
   author = {J.~E.~Baker},
   title = {Adaptive selection methods for genetic algorithms},
   booktitle = {Proceedings of an } # ICGA # { and Their Applications},
   publisher = pub:lea,
   pages = {100--101},
   year = 1985
}

@misc{ga:brindle,
   author = {A.~Brindle},
   title = {Genetic algorithms for function optimization},
   year = 1981,
   note = {Unpublished doctoral dissertation, University of Alberta, Edmonton}
}

@book{ga:davis-handbook,
	author = {L.~Davis},
	title = {Handbook of Genetic Algorithms},
	publisher = pub:vnr,
	address = {New York},
	year = 1991
}

@PHDTHESIS{ga:dejong-thesis,
   author = {K.~A.~DeJong},
   title = {An analysis of the behavior of a class of genetic adaptive systems},
   school = {University of Michigan},
   type = {Doctoral Dissertation},
   year = 1975
}

@techreport{ga:gal,
   author = {William M.~Spears},
   title = "{GAL}",
   institution = {Navy Center for Applied Research in AI, Naval Research Laboratory},
   type = {Computer program in Lisp},
   year = 1991
}

@INPROCEEDINGS{ga:genesis,
   author = {J.~J.~Grefenstette},
   title = {{GENESIS}: A system for using genetic search procedures},
   booktitle = {Proceedings of the 1984 Conference on Intelligent Systems and Machines},
   pages = {161--165},
   year = 1984
}

@TECHREPORT{ga:genesis-ug,
	author = {J.~J.~Grefenstette},
	title = {A user's guide to GENESIS},
	institution = {Vanderbilt University, Department of Computer Science},
	number = {CS-84-11},
	address = {Nashville},
	year = 1984
}

@INPROCEEDINGS{ga:genitor:Whitley-Kauth-88,
   author = {D.~Whitley and J.~Kauth},
   title = {GENITOR: A Different Genetic Algorithm},
   booktitle = ROCKY-AI,
   year = 1988
}

@INPROCEEDINGS{ga:gray-code-bias,
	author = {R.~A.~Caruna and J.~D.~Schaffer},
	title = {Representation and hidden bias: Gray vs.~binary coding for genetic algorithms},
	booktitle = {Proceedings of the Fifth International Conference on Machine Learning},
	editor = {J.~Laird},
	publisher = pub:mk,
	pages = {153--161},
	month = jun,
	year = {1988}
}

@book{ga:goldberg,
	author = {David E.~Goldberg},
	title = {Genetic Algorithms in Search, Optimization, and Machine Learning},
	year = 1989,
	address = {The University of Alabama},
	publisher = pub:aw
}

@book{ga:holland75,
	author = {John H.~Holland},
	title = {Adaptation in {N}atural and {A}rtificial {S}ystems},
	year = 1975,
	publisher = {University of Michigan Press}
}

@book{ga:holland92,
   author = {John H.~Holland},
   title = {Adaptation in {N}atural and {A}rtificial {S}ystems},
   year = 1992,
   note = "This is a revised and extended version of \cite{ga:holland75}",
   publisher = pub:mit
}

@INPROCEEDINGS{ga:parameterized-uniform-xover,
   author = {William M.~Spears and Kenneth A.~DeJong},
   title = {On the Virtues of Parameterised Uniform Crossover},
   editor = {Richard K.~Belew and Lashon B.~Booker},
   booktitle = {Proceedings of the Fourth } # ICGA # {},
   pages = {230--236},
   year = 1991,
   publisher = pub:mk
}

@incollection{ga:radcliffe92-04,
   author = {Nicholas J.~Radcliffe},
   title = {Non-Linear Genetic Representations},
   booktitle = {Parallel Problem Solving from Nature 2},
   publisher = pub:esp,
   year = {1992}
}

@techreport{ga:radcliffe92-11,
   author = {Nicholas J.~Radcliffe},
   title = {The Algebra of Genetic Algorithms},
   institution = {Edinburgh Parallel Computing Centre, University of Edinburgh},
   type = {Technical Report},
   number = {EPCC-92-11},
   year = 1992
}

@techreport{ga:sga,
   author = {David E.~Goldberg},
   title = {{SGA: A} simple genetic algorithm},
   institution = {University of Michigan, Department of Civil Engineering},
   type = {Computer program in {Pascal}},
   address = {Ann Arbor},
   year = 1982
}

@INPROCEEDINGS{ga:uniform-xover,
   author = {Gilbert Syswerda},
   title = {Uniform Crossover in Genetic Algorithms},
   booktitle = {Proceedings of the Third } # ICGA,
   year = 1989,
   editor = {J.~David Schaffer},
   pages = {2--9},
   publisher = pub:mk
}

@INCOLLECTION{gbml:holland-reitman,
   author = {John H.~Holland and J.~S.~Reitman},
   title = {Cognitive systems based on adaptive algorithms},
   editor = {D. A. Waterman and F. Hayes-Roth},
   booktitle = {Pattern Directed Inference Systems},
   publisher = pub:ap,
   address = {New York},
   year = {1978},
   pages = {313--329}
}
   
@book{gbml:holland-induction,
   author = {John H.~Holland and K.~J.~Holyoak and R.~E.~Nisbett and P.~R.~Thagard},
   title = {Induction: {Processes} of Inference, Learning, and Discovery},
   year = 1987,
   address = {Cambridge},
   publisher = pub:mit
}

@BOOK{gp:koza,
   author = {John R.~Koza},
   title = {Genetic Programming: On the Programming of Computers by Means of Natural Selection and Genetics},
   publisher = pub:mit,
   month = jun,
   year = 1992
}


